@string{apb      = "Appl. Phys. B"}
@string{jcp      = "J. Chem. Phys."}
@string{pra      = "Phys. Rev. A"}
@string{prb      = "Phys. Rev. B"}
@string{pr       = "Phys. Rev."}
@string{prl      = "Phys. Rev. Lett."}
@string{jpc      = "J. Phys. Chem."}
@string{jpca      = "J. Phys. Chem. A"}
@string{cpc      = "Comput. Phys. Commun."}
@string{mp       = "Mol. Phys."}
@string{ptrcl    = "Phil. Trans. Roy. Soc. Lond. A."}
@string{cp       = "Chem. Phys."}
@string{cpl      = "Chem. Phys. Lett."}
@string{jesrp    = "J. Electron Spectry."}
@string{jpb      = "J. Phys. B: At. Mol. Opt. Phys."}
@string{jms      = "J. Mol. Spectry."}
@string{cjp      = "Can. J. Phys."}
@string{jacs     = "Journal of the Americal Chemical Society"}
@string{zpa      = "Z. Phys. A - Atoms and Nuclei"}
@string{zpd      = "Z. Phys. D "}
@string{josab    = "J. Opt. Soc. Am. B"}
@string{josa    = "J. Opt. Soc. Am."}
@string{rsi      = "Rev. Sci. Instrum."}
@string{amjp     = "Am. J. Phys."}
@string{rmp      = "Rev. Mod. Phys."}
@string{ijmsip   = "Int. J. Mass Spectrom. Ion Processes"}
@string{nim      = "Nucl. Instr. and Meth."}
@string{ijqe     = "IEEE J. Quantum Electron."}
@string{camp     = "Comments At. Mol. Phys."}
@string{apl      = "Appl. Phys. Lett."}
@string{jap      = "J. Appl. Phys."}
@string{ao       = "Appl. Opt."}
@string{arpc = "Annu. Rev. Phys. Chem."}
@string{pqe = "Prog. Quant. Electr."}
@string{ijms = "Int. J. Mass Spectrom."}
@string{epjd = "Eur. Phys. J. D."}

@article{singer:2004,
   author = {K. Singer and M. Reetz-Lamour and T. Amthor
             and L. G. Marcassa and M. Weidem\"{u}ller},
   title = {Suppression of excitation and spectral broadening
            induced by interactions in a cold gas of Rydberg
            atoms},
   journal = prl,
   volume = 93,
   pages = 163001,
   year = 2004
}

@article{tong:2004,
   author = {D. Tong and others},
   title = {Local blockade of Rydberg excitation in
            an ultracold gas},
   journal = prl,
   volume = 93,
   pages = 063001,
   year = 2004
}

@book{gallagher:1994,
      author = {T. F. Gallagher},
      title = {Rydberg Atoms},
      publisher = {Cambridge University Press},
      Year = 1994
}

@article{jaksch:2000,
         author = {D. Jaksch and 
                   J. I. Cirac and
                   P. Zoller and
                   S. L. Rolston and
                   R. C\^{o}t\'{e} and
                   M. D. Lukin},
         title = {Fast Quantum Gates for Neutral Atoms},
         journal = prl,
         volume = 85,
         pages = 2208,
         year = 2000
}

@article{lukin:2001,
         author = {M. D. Lukin and others},
         title = {Dipole Blockade and Quantum Information
                   Processing in Mesoscopic Atomic Ensembles},
         journal = prl,
         volume = 87,
         pages = 037901,
         year = 2001
}

@article{protsenko:2002,
         author = {I. E. Protsenko and 
                   G. Reymond and
                   N. Schlosser and
                   P. Grangier},
         title = {Operation of a quantum phase gate using neutral atoms},
         journal = pra,
         volume = 65,
         pages = 052301,
         year = 2002
}

@article{anderson:1998,
         author = {W. R. Anderson and J. R. Veale and T. F. Gallagher},
         title = {Resonant Dipole-Dipole Energy Transfer in a 
                  Nearly Frozen Rydberg Gas},
         journal = prl,
         volume = 80,
         pages = 249,
         year = 1998
}

@article{mourachko:1998,
         author = {I. Mourachko and D. Comparat and F. de Tomasi
                   and A. Fioretti and P. Nosbaum and
                   V. M. Akulin and P. Pillet},
         title = {Many-Body Effects in a Frozen Rydberg Gas},
         journal = prl,
         volume = 80,
         pages = 253,
         year = 1998
}

@article{saffman:2002,
         author = {M. Saffman and T. G. Walker},
         title = {Creating single-atom and single-photon sources
                  from entangled atomic ensembles},
         journal = pra,
         volume = 66,
         pages = 065403,
         year = 2002
}

@article{raimond:1981,
         author = {J. M. Raimond and G. Vitrant and S. Haroche},
         title = {Spectral line broadening due to the interaction
                  between very excited atoms: ``the dense Rydberg gas''},
         journal = jpb,
         volume = 14, 
         pages = "L655",
         year = 1981
}

@article{li:2003,
         author = {W. Li and I. Mourachko and M. W. Noel
                   and T. F. Gallagher},
         title = {Millimeter-wave spectroscopy of cold Rb atoms  in
                  a magneto-optical trap: {Q}uantum defects
                  of the ns, np and nd series},
         journal = pra,
         volume = 67,
         pages = 052502,
         year = 2003
}

@article{dutta:2001,
         author = {S. K. Dutta and D. Feldbaum and A. Walz-Flannigan
                   and J. R. Guest and G. Raithel},
         title = {High-Angular-Momentum States in Cold Rydberg Gases},
         journal = prl,
         volume = 86,
         pages = 3993,
         year = 2001
}



@article{anderson:2002,
         author = {W. R. Anderson and M. P. Robinson and
                   J. D. D. Martin and T. F. Gallagher}, 
         title = {Dephasing of resonant energy transfer in a cold
                  {R}ydberg gas},
         journal = pra,
         volume = 65,
         pages = 063404,
         year = 2002
}

@article{zimmerman:1979,
         author = {M. L Zimmerman and 
                   M. G. Littman and
                   M. M. Kash and
                   D. Kleppner},
         title = {Stark structure of the Rydberg
                  states of alkali metal atoms},
         journal = pra,
         volume = 20,
         pages = 2251,
         year = 1979
}

@book{demtroder:2003,
      author = {W. Demtr\"{o}der},
      title = {Laser spectroscopy: {B}asic concepts and instrumentation},
      edition = {3rd},
      year = 2003,
      publisher = {Springer-Verlag},
}

@article{robinson:2000,
         author = {M. P. Robinson and 
                   B. Laburthe Tolra and
                   M. W. Noel and
                   T. F. Gallagher and
                   P. Pillet},
         title = {Spontaneous Evolution of
                  Rydberg Atoms into an Ultracold
                  Plasma},
         journal = prl,
         volume = 85,
         pages = 4466,
         year = 2000
}
@article{osterwalder:1999,
         author = {A. Osterwalder and F. Merkt},
         title = {Using High Rydberg States as Electric Field
                  Sensors},
         journal = prl,
         volume = 82,
         pages = 1831,
         year = 1999
}

@article{killian:1999,
         author = {T. C. Killian and others},
         title = {Creation of an ultracold neutral plasma},
         journal = prl,
         volume = 83,
         pages = {4776},
         year = 1999
}

@article{safronova:2003,
         author = {M. S. Safronova and C. J. Williams and C. W. Clark},
         title = {Optimizing the fast {R}ydberg gate},
         journal = pra,
         volume = 67,
         pages = {040303},
         year = 2003
}

@article{macfarlane:1981,
         author = {R. M. Macfarlane and R. M. Shelby},
         title = {Sub ...},
         journal = {Opt. Commun.},
         volume = 39,
         pages = {169},
         year = 1981
}

@article{root:1985,
         author = {L. Root and J. L. Skinner},
         title = {Frequency-dependent ...},
         journal = prb,
         volume = 32,
         pages = {4111},
         year = 1985
}

@article{gallagher:2003,
         author = {T. F. Gallagher and P. Pillet and M. P. Robinson
                   and B. Laburthe-Tolra and M. W. Noel},
         title = {Back and forth between {R}ydberg atoms and ultracold
                  plasmas},
         journal = josab,
         volume = 20,
         pages = {1091},
         year = 2003
}         

@article{robicheaux:2004,
         author = {F. Robicheaux and J. V. Hern\'{a}ndez and
                   T. Top\c{c}u and L. D. Noordam},
         title = {Simulation of coherent interactions between
                  {R}ydberg atoms},
         journal = pra,
         volume = 70,
         pages = {042703},
         year = 2004
}

@article{afrousheh:2004,
         author = {K. Afrousheh and
                   P. Bohlouli-Zanjani and
                   D. Vagale and
                   A. Mugford and
                   M. Fedorov and
                   J. D. D. Martin},
         title = {Spectroscopic observation of resonant
                  electric dipole-dipole interactions
                  between cold Rydberg atoms},
         journal = prl,
         volume = 93,
         pages = 233001,
         year = 2004
}

@article{lesanovsky:2005,
          author = {I. Lesanovsky and P. Schmelcher},
          title = {Magnetic Trapping of Ultracold Rydberg Atoms},
          journal = prl,
          volume = 95,
          pages = 053001,
          year = 2005
} 

@article{mourachko:2004,
          author = {I. Mourachko and W. Li and T. F. Gallagher},
          title = {Controlled many-body interactions in a frozen
                   Rydberg gas},
          journal = pra,
          volume = 70,
          pages = {031401(R)},
          year = 2004
}

@article{li:2005,
          author = {W. Li and P. J. Tanner and T. F. Gallagher},
          title = {Dipole-dipole excitation and ionization
                   in an ultracold gas of Rydberg atoms},
          journal = prl,
          volume = 94,
          pages = 173001,
          year = 2005
}

@article{monroe:1990,
         author = {C. Monroe and W. Swann and H. Robinson
                   and C. Wieman},
         title = {Very cold atoms in a vapor cell},
         journal = prl,
         volume = 65,
         pages = 1571,
         year = 1990
}

@article{teo:2003,
         author = {B. K. Teo and D. Feldbaum and
                   T. Cubel and J. R. Guest and
                   P. R. Berman and G. Raithel},
         title = {Autler-Townes spectroscopy ...},
         journal = pra,
         volume = 68,
         pages = {053407},
         year = 2003
}

@article{suzaki:1975,
         author = {Y. Suzaki and A. Tachibana},
         title = {Measurement of the $\mu$m sized ...},
         journal = ao,
         volume = 14,
         pages = {2809},
         year = 1975
}

@article{li:2004,
         author = {W. Li and others},
         title = {Evolution dynamics of a dense frozen Rydberg gas
                  into a plasma},
         journal = pra,
         volume = 70,
         pages = {042713},
         year = 2004
} 

@article{fraser:2002,
         author = {G. W. Fraser},
         title = {The ion detection efficiency of microchannel plates
                  (MCPs)},
         journal = ijms,
         volume = 215,
         pages = {13},
         year = 2002
}


@article{petrov:2000,
         author = {I. D. Petrov and V. L. Sukhorukov
                   and E. Leber and H. Hotop},
         title = {Near threshold photoionization
                  of excited alkali atoms ...},
         journal = epjd,
         volume = 10,
         pages = 53,
         year = 2000
}

@book{kuhn:1962,
         author = {H. G. Kuhn},
         title = {Atomic Spectra},
         publisher = {Longmans},
         address = {London},
         year = 1962
}      

@article{dedman:2001,
        author = {C. J. Dedman and K. G. H. Baldwin and M. Colla},
        title = {Fast switching of magnetic fields in a magneto-optic
                 trap},
        journal = rsi,
        volume = 72,
        pages = {4055},
        year = 2001
}

@article{carroll:2004,
         author = {T. J. Carroll and K. Claringbould
                   and A. Goodsell and M. J. Lim and
                   M. W. Noel},
         title = {Angular Dependence of the Dipole-Dipole ...},
         journal = prl,
         volume = 93,
         pages = 153001,
         year = 2004
}

@article{chandrasekhar:1943,
         author = {S. Chandrasekhar},
         title = {Stochastic Problems in Physics and Astronomy},
         journal = rmp,
         volume = 15,
         pages = 1,
         year = 1943
}

@article{frasier:1999,
         author = {J. S. Frasier and V. Celli and T. Blum},
         title = {Resonant processes in a frozen gas},
         journal = pra,
         volume = 59,
         pages = 4358,
         year = 1999
}

@article{fioretti:1999,
         author = {A. Fioretti and D. Comparat
                   and C. Drag and T. F. Gallagher
                   and P. Pillet},
         title = {Long-Range Forces between Cold Atoms},
         journal = prl,
         volume = 82,
         pages = 1839,
         year = 1999
}

@article{fortagh:1998,
         author = {J. Fortagh and A. Grossmann and T. W. H\"{a}nsch
                   and C. Zimmermann},
         title = {Fast loading of a magneto-optical trap from a
                  pulsed thermal source},
         journal = jap,
         volume = 84,
         pages = 6499,
         year = 1998
}

@article{budakian:2004,
         author = {R. Budakian and H. J. Mamin and D. Rugar},
         title = {Suppression of Spin Diffusion near a Micron-Size
                  Ferromagnet},
         journal = prl,
         volume = 92,
         pages = {037205},
         year = 2004
}


@article{folman:2002,
         author = {R. Folman and P. Kr\"{u}ger and J. Schmiedmayer
                   and J. Denschlag and C. Henkel},
         title = {Microscopic atom optics: {F}rom wires to an atom chip},
         journal = {Adv. At. Mol. Opt. Phys.},
         volume = 48,
         pages = 263,
         year = 2002
}

@article{ryabtsev:2005,
         author = {I. I. Ryabtsev and D. B. Tretyakov and
                   I. I. Beterov},
         title = {Applicability of Rydberg Atoms to quantum computers},
         journal = jpb,
         volume = 38,
         pages = {S421--S436},
         year = 2005
}

@article{stoneman:1987,
         author = {R. C. Stoneman and M. D. Adams and T. F. Gallagher},
         title = {Resonant-collision spectroscopy of {R}ydberg
                  atoms},
         journal = prl,
         volume = 58,
         pages = {1324--1327},
         year = 1987
}

@article{carroll2:2006,
         author = {T. J. Carroll and S. Sunder and M. W. Noel},
         title = {Many-body interactions in a sample of ultracold
                  Rydberg atoms with varying dimensions and densities},
         journal = pra,
         volume = 73,
         pages = {032725},
         year = 2006
}

@article{han:2006,
             author = {J. Han and Y. Jamil and D. V. L. Norum
                       and P. J. Tanner and T. F. Gallagher},
             title = {Rb $nf$ quantum
                      defects from millimeter-wave
                      spectroscopy of cold
                      $^85$Rb Rydberg atoms},
             journal = pra,
             volume = 74,
             pages = {054502},
             year = 2006
}

@article{safinya:1981,
         author = {K. A. Safinya and J. F. Delpech and F. Gounand
                   and W. Sandner and T. F. Gallagher},
         title = {Resonant Rydberg-Atom-Rydberg-Atom Collisions},
         journal = prl,
         volume = 47,
         pages = 405,
         year = 1981
}

@article{afrousheh:2006,
         author = {K. Afrousheh and others},
         title = {Resonant electric dipole-dipole
                  interactions between cold Rydberg
                  atoms in a microwave field},
         journal = pra,
         volume = 73,
         pages = {063403},
         year = 2006
}

@article{bohlouli:2006,
         author = {P. Bohlouli-Zanjani and K. Afrousheh
                   and J. D. D. Martin},
         title = {Optical transfer cavity stabilization
                  using current-modulated injection-locked
                  diode lasers},
         journal = rsi,
         volume = {77},
         pages = {093105},
         year = 2006
}

@article{haas:2006,
         author = {M. Haas and U. D. Jentschura and C. H. Keitel},
         title = {Comparison of classical and second quantized
                  description of dynamics Stark shift},
         journal = amjp,
         volume = 74,
         pages = 77,
         year = 2006
}

@article{hyafil:2004,
         author = {P. Hyafil and others},
         title = {Coherence-Preserving Trap Architecture for 
                  Long-Term Control of Giant
                  Rydberg Atoms},
         journal = prl,
         volume = 93,
         pages = 103001,
         year = 2004
}

@article{afrousheh2:2006,
         author = {K. Afrousheh and P. Bohlouli-Zanjani and J. A. Petrus
                   and J. D. D. Martin},
         title = {Determination of the $^{85}$Rb $ng$-series quantum
                  defect by electric-field-induced resonant energy
                  transfer between cold Rydberg atoms},
         journal = pra,
         volume = {74},
         pages = {062712},
         year = 2006
}

@article{kachru:1982,
         author = {R. Kachru and N. H. Tran and T. F. Gallagher},
         title = {Microwave-assisted resonant collisional energy
                  transfer in Na Rydberg states},
         journal = prl,
         volume = 49,
         pages = 191,
         year = 1982
}

@article{pillet:1983,
         author = {P. Pillet and R. Kachru and N. H. Tran
                   and W. W. Smith and T. F. Gallagher},
         title = {Radiative collisions in a strong-field regime},
         journal = prl,
         volume = 50,
         pages = 1763,
         year = 1983
}

@article{liebisch:2005,
         author = {T. {Cubel Liebisch}
                   and A. Reinhard
                   and P. R. Berman
                   and G. Raithel},
         title = {Atom counting statistics
                  in ensembles of interacting
                  {R}ydberg atoms},
         journal = prl,
         volume = 95,
         pages = 253002,
         year = 2005
}

@article{vogt:2006,
         author = {T. Vogt and M. Viteau
                   and J. Zhao and A. Chotia
                   and D. Comparat and P. Pillet},
         title = {Dipole blockade at {F\"{o}rster}
                  resonances in high resolution
                  laser excitation of Rydberg
                  states of Cesium atoms},
         journal = prl,
         volume = 97,
         pages = {083003},
         year = 2006
}

@article{reinhard:2006,
   author = {A. Reinhard and T. {Cubel Liebisch}
             and B. Knuffman and G. Raithel},
   title = {Level shifts of Rubidium Rydberg
            states due to binary interactions},
   volume = 75,
   pages = {032712},
   year = 2006
}

@article{reetz:2006,
   author = {M. Reetz-Lamour and others},
   title = {Prospects of Ultracold Rydberg gases
            for quantum information processing},
   journal = {Fortschr. Phys.},
   volume = 54,
   pages = {776},
   year = 2006
} 

@article{walker:2005,
         author = {T. G. Walker and M. Saffman},
         title = {Zeros of Rydberg-Rydberg
                  F\"{o}ster interactions},
         journal = jpb,
         volume = 38,
         pages = {S309},
         year = 2005
}

@unpublished{bohlouli2:2006,
             author = {P. Bohlouli-Zanjani and
                       J. A. Petrus and J. D. D. Martin},
             year = 2006,
             note = {arXiv, physics/XX}
}

@article{water:1990,
         author = {W. van de Water and others},
         title = {Microwave multiphoton and excitation of 
                  helium Rydberg atoms},
         journal = pra,
         volume = 42,
         pages = {572--591},
         year = 1990
}




